
@article{
  capello2011,
  title={[PDF]Location, Regional Growth and Local Development Theories},
  url={https://www.academia.edu/48547951/_PDF_Location_Regional_Growth_and_Local_Development_Theories},
  author={Capello, Roberta},
  year={2011},
month={Jan} }

@book{
  mccann2013,
  place={Oxford},
  edition={Second edition},
  title={Modern urban and regional economics},
  ISBN={978-0-19-958200-6},
  publisher={Oxford University Press},
  author={McCann, Philip},
year={2013} }

@book{
  capello2015,
  place={London},
  edition={2},
  title={Regional Economics},
  ISBN={978-1-315-72007-4},
  DOI={10.4324/9781315720074},
  publisher={Routledge},
  author={Capello, Roberta},
  year={2015},
month={Nov} }

@book{
  mccann2013,
  place={Oxford},
  edition={Second edition},
  title={Modern urban and regional economics},
  ISBN={978-0-19-958200-6},
  publisher={Oxford University Press},
  author={McCann, Philip},
year={2013} }

@book{
  brueckner2011,
  place={Cambridge, Mass},
  title={Lectures on urban economics},
  ISBN={978-0-262-01636-0},
  publisher={MIT Press},
  author={Brueckner, Jan K.},
year={2011} }

@article{
  nielsen2021,
  title={Marshall vs Jacobs agglomeration and the micro-location of foreign and domestic firms},
  volume={117},
  ISSN={0264-2751},
  url={https://www.sciencedirect.com/science/article/pii/S0264275121002225},
  DOI={10.1016/j.cities.2021.103322},
  journal={Cities},
  author={Nielsen, Bo Bernhard and Asmussen, Christian Geisler and Weatherall, Cecilie Dohlmann and Lyngemark, Ditte HÃ¥konsson},
  year={2021},
  month={Oct},
pages={103322} }

@article{
  lai2013,
  title={Monopoly and Wine: The Norwegian Case},
  volume={115},
  DOI={10.1108/00070701311302267},
  journal={British Food Journal},
  author={Lai, Maria and Cavicchi, Alessio and Rickertsen, Kyrre and Corsi and Casini},
  year={2013},
month={Feb} }
